<?xml version="1.0" encoding="UTF-8"?><collection xmlns="http://www.loc.gov/MARC21/slim"><record><leader>00316nam--2200121-i-4500</leader><controlfield tag="001">000047171</controlfield><controlfield tag="002">20161230</controlfield><controlfield tag="005">20161230201046</controlfield><controlfield tag="008">060222s1000------------r-----000-0-eng-d</controlfield><datafield ind1=" " ind2=" " tag="100"><subfield code="a">Weinberg, Louis</subfield></datafield><datafield ind1=" " ind2=" " tag="245"><subfield code="a">Network analysis and synthesis</subfield></datafield><datafield ind1=" " ind2=" " tag="260"><subfield code="a">New York, Mcgraw-hill Book Co.Inc., 1962, Xv+692p</subfield></datafield><datafield ind1=" " ind2=" " tag="852"><subfield code="a">17665</subfield></datafield></record></collection>